

@Misc{ntnu_what_is_eit,
    author = "NTNU",
    title = "What is Experts in Teamwork",
    howpublished = {ntnu.edu},
    url  = {https://www.ntnu.edu/web/eit/what-is-eit},
    note = "(accessed: 11.04.2018)",
}

@article{2014chin_and_choi,
  title={Members’ needs, intragroup conflict, and group performance.},
  author={Chun, Jinseok S and Choi, Jin Nam},
  journal={Journal of Applied Psychology},
  volume={99},
  number={3},
  pages={437},
  year={2014},
  publisher={American Psychological Association},
}

%Chun, J. S., & Choi, J. N. (2014). Members’ needs, intragroup conflict, and group performance. Journal of Applied Psychology, 99(3), 437-450. doi:10.1037/a0036363%


@BOOK{ntnu_eit_book,
AUTHOR     = {Sortland, B, editor}, 
TITLE          = {Students in Experts in Teamwork. Book of reflection.},
PUBLISHER = {NTNU, Trondheim},
YEAR          = {2018},
}



%Schwarz, Roger (2002): The Skilled Facilitator. Jossey –Bass. Chapter 2: What Makes Work Groups Effective? (p 17 – 34) and Chapter 5: Ground Rules for Effective Groups (p 96 – 136)%

@unpublished{six_animal_model,
AUTHOR     = {Simon McCallum}, 
TITLE          = {Six Animal Model}
}

@incollection{2013johnson,
  author      = {Johnson, D., Johnson, F.},
  title       = "Joining Together. Group Theory and Group Skills.",
  booktitle   = "EKSPERTER I TEAM/EXPERTS IN TEAMWORK",
  publisher   = "NTNU Universitetsbiblioteket",
  year        = {2013},
  pages       = {p. 1 - 47, 442 - 476},
  chapter     = {1, 10},
}

@incollection{scharz,
  author      = {Schwarz, Roger},
  title       = "The Skilled Facilitator",
  booktitle   = "EKSPERTER I TEAM/EXPERTS IN TEAMWORK",
  publisher   = "NTNU Universitetsbiblioteket",
  year        = {2002},
  pages       = {p. 27 - 35, 96 - 136},
  chapter     = {2, 5},
}

@incollection{team_book,
  author      = {Hjert{\o}, Kjell B},
  title       = "TEAM",
  booktitle   = "EKSPERTER I TEAM/EXPERTS IN TEAMWORK",
  publisher   = "NTNU Universitetsbiblioteket",
  year        = {2013},
  pages       = {p. 27 - 35},
  chapter     = {3},
}

%Hjertø, Kjell B. (2013): TEAM. Fagbokforlaget Kap 3: Team (s 27 – 35


@incollection{wheelan,
  author      = {Susan A. Wheelan},
  title       = "Creating Effective Teams. A guide for Members and Leaders.",
  booktitle   = "EKSPERTER I TEAM/EXPERTS IN TEAMWORK",
  publisher   = "NTNU Universitetsbiblioteket",
  year        = {2009},
  pages       = {p. 53 - 76},
  chapter     = {5},
}



%Wheelan, Susan A. (2009):  Creating Effective Teams. A Guide for Members and Leaders. Third Edition. SAGE.Chapter 5: Effective Team Members (p 53 – 76)
